<record><leader>00000cas a22000007a 4500</leader><controlfield tag="001">13924041</controlfield><controlfield tag="008">860724d19381941aluwr ne      0    0eng d</controlfield><datafield ind1=" " ind2=" " tag="010"><subfield code="a">sn 86050300 </subfield></datafield><datafield ind1=" " ind2=" " tag="040"><subfield code="a">AAR</subfield><subfield code="b">eng</subfield><subfield code="c">AAR</subfield><subfield code="d">CPN</subfield><subfield code="d">OCLCQ</subfield></datafield><datafield ind1=" " ind2=" " tag="042"><subfield code="a">msc</subfield></datafield><datafield ind1="0" ind2="4" tag="245"><subfield code="a">The Slocomb news.</subfield></datafield><datafield ind1=" " ind2=" " tag="260"><subfield code="a">Slocomb, Ala. :</subfield><subfield code="b">Lawrence P. Coe,</subfield><subfield code="c">1938-1941.</subfield></datafield><datafield ind1=" " ind2=" " tag="300"><subfield code="a">v.</subfield></datafield><datafield ind1=" " ind2=" " tag="310"><subfield code="a">Weekly</subfield></datafield><datafield ind1="0" ind2=" " tag="362"><subfield code="a">Vol. 1, no. 1 (Aug. 5, 1938)-v. 4, no. 26 (Oct. 17, 1941).</subfield></datafield><datafield ind1=" " ind2=" " tag="752"><subfield code="a">United States</subfield><subfield code="b">Alabama</subfield><subfield code="c">Geneva</subfield><subfield code="d">Slocomb.</subfield></datafield><datafield ind1="0" ind2="1" tag="780"><subfield code="t">Slocomb observer (Slocomb, Ala.)</subfield><subfield code="w">(DLC)sn 86050423</subfield></datafield><datafield ind1="0" ind2="7" tag="785"><subfield code="t">Southeast Alabamian</subfield></datafield><datafield ind1="0" ind2="7" tag="785"><subfield code="t">Tri-State news</subfield></datafield></record>